2602 4748
1114 102 1134 167 '¹'
1165 132 1170 141 ,

327 258 332 273 ’
468 356 476 383 -.
499 286 767 393 ausuras.
1130 314 1174 409 25

229 488 259 553 ι’.
283 485 387 563 Nulla
408 486 521 552 forma
544 485 698 551 fabricae
713 483 917 573 vegetabilis
942 487 1032 554 adeo
1059 512 1169 579 gene·
1274 480 1280 489 ’

120 569 287 651 talitali,
309 584 348 638 ut
369 570 414 635 ad
428 594 550 639 omnes
572 554 719 650 familias
736 569 899 637 traducta
914 572 953 637 in
970 572 1096 645 iisdem
1111 579 1168 643 in·
1265 572 1271 605 ¹

123 659 298 722 veniatur.
362 654 592 744 inconspicua
607 658 645 720 in
660 652 879 744 gastromycis
896 654 967 722 etb
995 656 1068 739 llis,
1090 683 1168 749 gra.
1283 724 1287 735 ,

125 736 426 805 aetolo-tubulosa
438 742 477 805 in
495 739 678 819 conservis,
695 734 940 805 fibrilloso-tub
979 742 1036 807 osa
1052 761 1088 809 et
1096 744 1167 811 cel.-
1213 772 1236 789 ·-

127 820 245 889 lularis
259 826 298 887 in
311 824 424 913 fungis
440 823 588 904 etfacit,
609 821 940 891 theoto-cellulam
962 829 1000 890 in
1021 826 1189 905 licheniss,

130 905 205 987 bus,
229 906 388 974 cellulosa
405 911 443 974 in
458 907 580 975 muscis
596 924 632 974 et
648 908 830 1009 hepaticis,
875 906 1052 977 ranuloso-
1062 912 1168 981 cellu-

131 990 210 1071 laris
226 996 264 1058 in
281 993 462 1077 najadibus
477 994 580 1095 Juffi,
605 990 651 1059 du
676 929 971 1059 laceto-celiniam
987 997 1024 1060 in
1039 998 1169 1089 typhis,

137 1076 241 1163 iuncis
267 1094 304 1144 et
326 1075 566 1169 cyperoiders·‚
596 1014 885 1145 trahebar-valis
910 1082 955 1157 etl
969 1078 1167 1149 intertextis
1262 1105 1268 1113 ·

140 1159 265 1226 cellulis
281 1161 468 1250 compolita
483 1165 522 1227 in
535 1161 700 1243 filicibusJ
713 1161 931 1261 pteroidibus
948 1179 985 1229 et
998 1164 1132 1253 palmis,
1146 1191 1169 1233 e
1220 1246 1222 1251 λ

142 1242 215 1311 tofis
236 1246 414 1335 spiralibus
441 1264 478 1311 et
496 1245 681 1312 scalaribus
699 1244 857 1311 circulari
872 1246 979 1313 modo
994 1266 1031 1316 et
1045 1250 1168 1317 radiali
1204 1278 1207 1285 ·

145 1333 310 1396 contextui
332 1328 496 1397 cellulolo
517 1329 700 1397 medullari
721 1345 759 1397 et
773 1328 938 1397 ¹corticali
958 1333 1169 1425 interpositis

146 1412 489 1506 indicotyledonibus
500 1413 689 1506 plerisque.

150 1538 153 1543 ·
235 1523 266 1567 2.
296 1496 478 1567 Cellularis
502 1499 853 1573 contextus-formam
873 1499 957 1567 fere*
971 1503 1168 1587 primariam

148 1583 324 1663 consumit,
349 1587 492 1674 quaein
512 1583 619 1674 pleris
646 1608 690 1650 ue
706 1584 826 1650 saltem
838 1584 1088 1672 vegetabilibus
1103 1589 1168 1655 oh-

138 1664 204 1743 ‘via
225 1671 389 1756 organico
405 1669 511 1735 modo
530 1691 614 1759 gran
652 1684 699 1750 ιε’,
723 1693 765 1735 ex
779 1668 980 1736 humoribus
993 1676 1168 1761 praecipi-

150 1756 233 1831 tatis,
255 1755 427 1840 originem
451 1752 567 1821 debet.
614 1753 769 1821 Granula
789 1776 831 1829 ea
856 1756 894 1818 in
918 1755 1077 1843 piperum
1103 1757 1169 1823 hu-

150 1836 287 1904 moribus
311 1855 348 1917 et
369 1837 531 1927 naiadum
558 1836 690 1904 cellulis
712 1835 908 1918 manifesta,
929 1860 949 1903 a
976 1840 1168 1912 Trevirano
1206 1899 1218 1912 ,

149 1942 246 2010 nuper
268 1924 407 2011 egregie
429 1922 526 1991 velut
545 1923 742 1989 rudimenta
758 1919 957 1989 cellularum
973 1922 1172 2012 delendum

150 2020 210 2073 tur:
229 2005 313 2074 licet
326 2007 458 2073 Linlrio
476 2007 689 2075 credendum
702 2006 752 2081 tit,
768 2004 871 2096 saepe
886 2005 929 2073 ab
945 1998 1170 2099 amylopraee'
1232 2037 1235 2043 ·

150 2091 279 2179 cipitato
293 2093 382 2157 haec
438 2092 539 2158 anula
554 2092 708 2160 formari.
732 2090 836 2158 Conf.
853 2107 878 2157 t.
896 2117 938 2159 ur.
954 2091 979 2159 f,
992 2101 1045 2171 25e
1142 2098 1149 2125 ’·

238 2188 269 2253 ὅ.
294 2114 505 2244 Cellufahum
527 2179 680 2267 parietes
704 2178 885 2243 tenerrimi
899 2179 1012 2263 pervii
1029 2176 1170 2276 quidem

149 2260 325 2327 uccellario
347 2261 444 2344 lunt,
466 2285 583 2347 neque
606 2277 724 2348 tamen
743 2260 868 2348 porola
890 2282 1011 2325 eorum
1033 2261 1171 2331 indoles

147 2346 222 2411 mihi
235 2348 423 2411 etiamnum
431 2344 609 2412 manifesta
618 2344 664 2413 est
679 2347 718 2411 in
731 2343 803 2432 ipso
814 2360 996 2411 contextu:
1010 2343 1172 2429 semetip-

147 2428 196 2495 sos
210 2431 337 2521 ubique
353 2429 445 2498 haud
467 2433 691 2518 contingunt,
715 2428 895 2505 interstitia
911 2429 1087 2517 interdum
1106 2429 1174 2497 liu·

145 2532 269 2665 qpunt,
296 2536 387 2606 quae
416 2514 548 2583 scatere
578 2512 779 2579 humoribus
810 2516 961 2601 propriis
989 2512 1174 2580 arbitratur

174 2607 368 2666 reoiranns.
411 2600 561 2666 Tantum
584 2616 704 2665 tamen
727 2596 835 2681 abest,
864 2616 904 2663 ut
928 2620 969 2664 ea
990 2598 1175 2677 interstitia¹

140 2681 267 2775 ubique
281 2689 511 2771 reperiantur,
534 2701 574 2752 ut
585 2685 703 2785 potius
719 2684 851 2747 rariora
865 2680 938 2749 lint.
962 2752 965 2758 ,
983 2682 1083 2768 Quae
1099 2688 1176 2770 epi-j

140 2768 683 2859 dermitlemattinguntpartetes,
707 2788 958 2855 nonnunquam
975 2765 1174 2853 serpentino

137 2853 245 2922 modo
262 2851 468 2933 flectuntur,
491 2851 587 2943 quod
601 2854 639 2917 in
652 2849 853 2919 Helleboris
874 2868 912 2915 et
926 2849 1072 2924 illicibus
1090 2854 1179 2916 con*

138 2937 300 3017 stausest.
343 2938 599 3026 AbHedwigio
639 2959 678 3001 ro
696 2935 777 3003 valis
799 2932 1018 3024 lymphaticis
1036 2934 1176 3023 cpidum
1250 2948 1254 2961 '

136 3024 241 3091 midis
255 3022 376 3104 habiti,
392 3021 430 3089 id
442 3036 560 3088 tamen
577 3044 596 3087 e
623 3044 642 3087 e
658 3033 851 3111 nequeunt,
869 3042 985 3108 quum,
1000 3017 1085 3085 licet
1100 3020 1176 3087 ‹lia-
1213 3069 1224 3094 .

135 3126 289 3177 metrum
312 3107 460 3198 aliquam
485 3107 629 3171 omnino
650 3103 863 3197 quandoque
892 3102 1060 3184 habeant,
1086 3106 1176 3171 haec
1239 3153 1247 3159 ..

135 3210 258 3262 tamen
271 3195 390 3280 potius
405 3215 424 3257 a
439 3188 614 3280 duplicata
626 3188 759 3279 pendat
774 3186 985 3271 membrana,
1009 3212 1099 3279 quae
1113 3211 1176 3283 pa?

135 3281 265 3347 rictam
282 3275 466 3343 constituit.
512 3324 517 3331 -
1119 3284 1123 3295 “
1167 3280 1172 3291 ’

242 3366 275 3447 4.
305 3359 507 3430 Manifestus
530 3358 579 3427 est
605 3357 717 3426 aditus
739 3355 785 3423 ad
809 3354 1007 3427 cellulolum
1031 3380 1118 3445 opus
1138 3360 1177 3423 in

136 3444 359 3538 epidermide
384 3447 523 3511 corticis
550 3442 670 3511 viridis
692 3441 943 3530 perfectiorum
971 3440 1175 3533 plantarum.

134 3530 274 3601 adsum
289 3532 381 3596 enim
399 3530 544 3617 orificio
553 3526 784 3615 absorbentia
799 3528 837 3595 in
851 3548 932 3601 area
948 3525 1019 3613 ipl'a
1036 3524 1176 3591 cellula·¹

135 3639 229 3699 num,
265 3612 444 3681 landulolo
457 3614 611 3702 margine
628 3627 805 3692 coronata,
846 3632 913 3675 uae
949 3607 1109 3677 articulata
1124 3625 1178 3675 ut·

136 3637 367 3789 nsolpbaerae
391 3712 604 3787 acceptaret
623 3711 771 3773 mutatas
786 3634 911 3761 cabulo
927 3717 949 3757 o
966 3694 1066 3780 operi
1082 3696 1184 3761 com·'

83 3784 89 3793 '
137 3790 286 3853 mittunt
349 3783 467 3861 absrx.
482 3781 537 3871 fig.
556 3786 636 3860 23.).
665 3778 874 3868 Plerumque
890 3776 1017 3843 faciem
1030 3776 1199 3864 inferius

136 3892 219 3938 rem
238 3866 400 3935 foliorum
417 3879 610 3957 occupant,
632 3862 755 3929 adluat
767 3880 885 3931 tamen
905 3864 1010 3927 etiam
1024 3863 1062 3927 in
1078 3860 1179 3951 lupe2

134 3959 240 4025 riore
252 3956 445 4023 natantium
455 3970 647 4040 aurumque
661 3946 843 4031 toliomm,
862 3968 953 4038 quac
966 3944 1082 4029 subtus
1093 3944 1181 4028 deur.
1291 4018 1294 4023 ,
