2602 4748
176 216 299 365 *ml
593 247 834 317 auxus.

193 420 298 497 malit
313 422 351 487 in
364 418 562 485 innumeras
577 433 706 506 partes,
724 419 961 509 equavisviva
977 437 1014 489 et
1026 421 1161 511 integra
1177 443 1236 490 re·

225 512 390 574 tuantur.
417 502 576 568 Gonium
587 505 775 592 pectorale
789 501 939 584 muneri,
959 530 977 571 e
993 504 1142 575 sedecim
1157 504 1236 597 glo·

221 590 287 659 ulis
309 586 483 666 constans,
505 602 735 675 propagatur,
759 585 841 652 dum
860 587 992 677 globuli
1005 589 1124 679 singuli
1137 590 1237 658 sece-
1265 664 1268 669 ,

98 686 102 707 “
196 678 296 745 dunt.
336 669 508 739 Monades
532 686 569 736 et
583 669 649 734 alia
666 669 871 737 animalcula
885 673 1049 741 infusoria
1066 674 1237 745 ‹livisiou'o

195 759 290 855 quast
304 756 493 846 spontanea
506 769 753 904 propapantur.
780 753 884 822 Nulla
899 759 936 822 in
951 759 1003 824 his
1017 758 1115 827 sexus
1131 759 1237 829 diffe-

196 848 330 921 rentia,
351 839 467 906 nullae
480 854 598 927 partes
633 840 872 908 oecundantes
883 840 939 908 vel
952 843 1240 915 foecundandae.·

208 1010 211 1015 ¹
300 940 332 1006 3.
355 926 598 1012 Exploratum
612 925 804 996 habemus,
827 950 897 1013 quo
905 925 1236 1017 stmpliciorasunt

197 1034 236 1083 et
257 1008 527 1100 imperfectiora
546 1009 791 1095 vegetabilia,
816 1034 857 1073 eo
873 1016 989 1099 magis
1001 1014 1150 1099 gemmis
1166 1010 1235 1104 effe

144 1102 147 1107 ’
198 1101 348 1188 repleta,
365 1117 457 1181 quae
464 1092 679 1181 seceduntia
686 1091 757 1173 sim
784 1092 1236 1189 licffmomodo‘speciem

195 1196 415 1277 propagant.
462 1175 659 1242 Consertae
686 1117 914 1243 oscillatoriae
945 1179 1130 1246 Vaucheri
1162 1177 1237 1247 sola

198 1265 424 1351 elongatione
459 1258 658 1326 tubulorum
704 1259 943 1327 annulatorum
978 1266 1236 1364 propaganturt

121 1354 125 1363 '
199 1372 291 1442 quae
307 1345 446 1436 quidem
462 1343 637 1433 elongatio
655 1367 696 1411 ea
717 1344 772 1412 sae
799 1371 818 1411 e
833 1344 872 1411 fit
887 1347 1084 1430 ceterrtate,
1105 1367 1145 1416 ut
1159 1373 1240 1431 mo·

198 1451 272 1507 tum
295 1429 387 1521 quali
410 1428 655 1518 spontaneum,
685 1368 929 1495 oscillitorium
953 1429 997 1497 ad
1017 1431 1095 1498 solit
1115 1434 1261 1501 radios-

200 1515 477 1587 animadvertere
503 1510 616 1600 possls.
661 1512 860 1581 Consertae
898 1519 998 1602 ronju
1021 1533 1101 1584 atae
1133 1519 1239 1585 Vota·
1294 1528 1297 1535 '

201 1606 302 1672 cheri
317 1597 466 1689 granulis
480 1595 560 1662 solis
577 1597 767 1684 spiralibus,
791 1622 880 1688 quae
895 1539 1034 1686 utriculi
1051 1604 1240 1673 continent

198 1684 407 1765 matricales,
430 1681 580 1771 speciem
595 1699 792 1769 procreant.
822 1684 1030 1764 (lievirani
1042 1685 1130 1754 Biol.
1147 1698 1181 1767 3.
1194 1710 1234 1777 p.

198 1774 297 1854 εει.)
339 1765 536 1835 confervae
557 1765 791 1857 ectolpermae
810 1767 994 1837 Vaucheri
1013 1768 1192 1858 globulum
1214 1797 1239 1841 e

197 1853 350 1947 granulis
367 1853 573 1940 gemmaceis
595 1850 780 1919 conflatum
799 1853 1028 1953 protrudunt,
1057 1860 1118 1947 qui
1138 1856 1242 1927 rudi.

92 1990 96 1995 -
198 1957 353 2009 mentum
369 1938 450 2004 novi
467 1938 624 2004 continet
637 1936 820 2004 individut.
1005 1964 1008 1969 ·
1207 1990 1214 1999 .

303 2019 393 2114 Byffi
411 2021 486 2089 sere
502 2044 623 2088 omnes
642 2020 787 2111 pulvere
809 2045 1009 2111 gemmaceo
1032 2024 1240 2115 conspersae

201 2108 328 2178 eodem
344 2123 597 2207 propagantur:
621 2105 717 2198 quod
743 2109 929 2172 Coracium
942 2106 1133 2191 Albertini‚
1156 2110 1240 2201 Isa.

199 2198 260 2269 ria
292 2190 470 2258 Perloonir
498 2208 536 2257 et
553 2193 714 2278 Botryeis
737 2189 921 2258 evidenter
943 2191 1081 2260 docent.
1124 2196 1241 2285 Fungi

199 2283 238 2346 in
253 2279 438 2368 hymeni0‚
462 2275 738 2364 Gastromycetes
756 2276 793 2341 in
813 2292 888 2342 tota
909 2274 1090 2345 substantia
1104 2277 1155 2345 nil
1172 2281 1242 2353 nili

198 2361 339 2454 granula
357 2382 550 2427 remmacea
566 2362 759 2441 continent.

163 2460 167 2467 “
304 2407 476 2510 Liblrenes
499 2442 629 2531 duplici
652 2444 803 2533 praediti
824 2442 1240 2543 suntgemmularumge-

200 2551 310 2611 nere3
333 2527 441 2594 altero
457 2527 699 2615 pulverulento
715 2545 774 2595 aut
787 2529 1026 2613 tuberculol'0,
1046 2544 1065 2599 e'
1106 2558 1153 2599 uo
1168 2560 1241 2605 no·

198 2638 262 2681 vos
279 2615 364 2678 oriri
378 2611 534 2678 lichenes
549 2612 745 2677 Michelius
756 2615 827 2699 iam
844 2613 947 2681 vidit:
964 2614 1074 2683 altero
1081 2558 1239 2691 lemini-

196 2697 313 2777 sormi,
336 2696 432 2786 quod
448 2694 646 2784 corpuscula
661 2695 740 2787 fistit
754 2697 865 2763 ovalia
873 2701 1028 2786 gemina,
1051 2700 1109 2769 seu
1124 2702 1236 2773 lenti.

199 2782 328 2850 cularia
342 2779 469 2848 tubulis
483 2778 622 2846 inclusa.
646 2781 697 2846 Ex
713 2780 765 2847 his
781 2805 842 2847 cor
867 2782 1001 2864 usculis,
1024 2809 1112 2874 quae
1128 2787 1239 2859 serni·

197 2865 359 3019 npdpulgo
375 2865 564 2946 habentur,
586 2864 742 2933 lichenes
761 2888 825 2955 pro
852 2869 905 2934 ire
918 2891 1027 2936 nemo·
1043 2873 1237 2945 etiamnum

194 2974 231 3022 rt
269 2969 294 3019 t.

302 3034 392 3102 Vera
405 3034 533 3100 semina
543 3057 617 3100 una
633 3056 708 3099 cum
723 3036 865 3122 gemmis
879 3033 1085 3186 simplicibus
1094 3038 1153 3119 vd
1167 3040 1238 3113 dn·

195 3119 344 3213 plicibus
360 3118 479 3185 adsunt
493 3122 531 3183 in
545 3120 725 3207 Hepaticis
742 3134 777 3184 et
791 3118 917 3187 Muscis
947 3121 1111 3192 rondosn.
1133 3126 1237 3195 Mar·

196 3205 336 3273 mantia
351 3220 387 3269 et
401 3202 506 3269 Blasta
528 3219 669 3291 praeter
683 3225 767 3268 vera
787 3201 915 3270 semina
930 3205 1060 3274 habent
1073 3232 1235 3298 gemmu-

195 3287 246 3357 las
260 3288 306 3355 du
331 3285 406 3353 licis
423 3285 552 3375 speciei
566 3303 603 3354 et
617 3285 761 3354 formae.
856 3336 860 3343 -

327 3395 386 3438 era
401 3371 528 3439 semina
544 3395 612 3438 una
628 3395 703 3437 oum
717 3371 895 3439 tuberibus
913 3372 1067 3441 radicum
1083 3394 1120 3445 et
1134 3400 1237 3469 gem.

194 3461 259 3527 mis
274 3455 449 3524 frondium
467 3456 588 3525 adsunt
600 3460 637 3522 in
652 3454 809 3541 silicibus,
825 3458 920 3526 unde
935 3459 1168 3531 radix'earum
1176 3468 1236 3533 in·
1255 3484 1259 3501 ¹

194 3543 321 3634 fignem
339 3544 405 3609 vim
420 3565 528 3631 propa
553 3541 634 3611 andi
646 3542 763 3607 habet.
905 3610 909 3617 ,
1184 3576 1187 3587 ·

298 3630 330 3711 4.
346 3627 442 3691 Etin
450 3651 514 3714 per
534 3627 950 3714 ectioributorganismis
961 3631 1237 3720 poffuntquau·

195 3716 327 3800 doque,
352 3712 440 3775 licet
453 3715 583 3781 rarius,
625 3713 853 3776 onerationes
869 3717 1078 3801 contingere
1092 3717 1233 3807 absque

40 3818 47 3834 ·
156 3814 164 3825 “
184 3792 496 3888 foecundatione.
539 3792 580 3857 ld
599 3733 718 3860 saltem
740 3811 871 3861 certum
895 3794 959 3878 est,
978 3799 1016 3862 in
1059 3796 1233 3868 uenarum

195 3878 413 3970 impuberum
443 3875 646 3966 corporibus
665 3876 759 3969 „ollaJ
790 3871 914 3961 dentes
949 3896 987 3949 et
997 3819 1112 3975 psus,
1143 3886 1234 3977 quin
