2588 4748
151 318 213 375 m
447 294 909 373 FuUcTfflcATto„

148 473 265 540 Series
280 462 567 537 Frucliflcationis
583 465 672 534 haec
684 466 742 549 est,
784 468 856 537 uod
865 472 988 560 Calyx
1000 490 1102 543 extra
1119 480 1187 545 00-

169 618 174 643 ¹.
191 558 333 633 rollum,
350 556 443 619 intra
459 547 634 615 Corollam
651 574 737 619 vero
754 492 932 632 dtamino,
948 558 1009 625 led
1024 560 1118 628 haec
1130 586 1186 629 ex·

150 700 153 711 .
189 658 244 707 tra
256 635 405 721 Pistilla
420 631 647 701 collocentur.
675 635 844 725 Exceptio
861 644 983 708 rarior.
999 644 1031 729 S.
1053 666 1126 713 ιιι.

146 719 419 813 Receptaculum
435 720 615 785 connectit
631 718 819 812 Calycem,
843 723 1033 810 Coronam,
1057 745 1097 797 et
1109 731 1185 799 Sta·

63 831 64 834 ’
186 812 282 877 uuna
295 803 407 873 modis
445 819 582 869 uatuor.
1054 846 1059 853 -

166 926 169 931 ·
187 920 221 960 a.
236 827 507 990 Receptacillum
522 885 567 952 ad
576 886 676 969 basin
687 896 879 977 germinis,·
895 898 980 963 utin
993 892 1183 991 plerisque.

268 972 431 1043 Pil'tillum
451 971 570 1037 abiens
583 975 621 1043 in
637 973 803 1043 fructum.¹
826 979 996 1079 Toumef.

186 1064 219 1129 b.
241 1055 512 1146 Receptaculum
528 1057 573 1122 ad
587 1063 728 1149 apicem
739 1066 911 1148 germinis
918 1090 931 1137 ,·
949 1087 988 1130 in
1003 1065 1135 1137 multie.

267 1142 379 1233 Calyx
398 1140 517 1207 abiens
532 1145 567 1205 in
583 1142 743 1210 fructum.
770 1146 940 1298 Tfflffiff·

185 1259 216 1301 a.
237 1231 333 1299 Rece
359 1225 509 1293 taculum
525 1230 675 1315 cingens
694 1252 840 1317 germen
853 1230 877 1296 l'.
907 1250 1064 1301 ructumt
1088 1240 1181 1307 utin

163 1322 165 1327 ’
227 1250 439 1404 Saxissegis
456 1310 571 1375 variis.
872 1388 875 1393 ¹
928 1320 931 1327 “
1076 1344 1079 1349 ·
1102 1322 1106 1329 “

183 1396 218 1463 d.
236 1400 330 1466 Rece
356 1393 507 1462 taculum
521 1396 682 1461 ambiens
692 1420 839 1484 germen
854 1398 1033 1467 dilatatum
1049 1400 1178 1473 sursum

223 1507 289 1633 paz
340 1478 565 1561 erienthium,
586 1496 626 1546 ut
646 1480 685 1544 in
705 1480 947 1567 Icosaudriis,
966 1486 1081 1573 Bibe,
1107 1490 1177 1559 Mi·

222 1588 257 1633 te
287 1593 311 1633 a
327 1582 394 1632 etc.
481 1630 485 1635 ,

137 1652 374 1725 Perianthium
397 1662 434 1715 et
455 1644 585 1713 corolla
604 1647 697 1735 juxta
720 1647 918 1717 seinvicem
937 1646 1175 1743 approximet&

20 1782 24 1789 ·
158 1771 161 1779 ·
179 1740 350 1809 oriuntur,
365 1735 426 1813 ita‘‚
445 1747 493 1813 ut,
508 1729 822 1820 licorollagermini
836 1734 981 1804 insideat
997 1738 1054 1807 vel
1070 1738 1174 1830 subji-

173 1825 298 1901 ciatur,
314 1817 409 1884 idem
424 1814 753 1905 deueriauthioliet.
774 1817 944 1906 Exceptio
960 1844 1049 1889 rara.
1061 1826 1172 1911 §.sou

175 1906 377 1995 Hepacicae
390 1900 622 1989 perianthium
638 1900 708 1987 ipsa
722 1898 791 1967 bafi
810 1924 829 1967 a
844 1902 984 1973 Corolia
999 1918 1172 1975 remotum

218 1988 282 2068 est,
304 2009 387 2074 ergo
419 1985 474 2049 vix
495 1984 728 2071 periauthium
753 1988 837 2067 erit,
858 1985 917 2053 led
937 1988 1169 2077 involucrum,

217 2071 313 2164 quod
331 2064 511 2136 coulirmat
523 2066 633 2133 affinis
648 2069 878 2156 Pulsanda»
1130 2082 1135 2091 “

131 2159 287 2229 German
303 2172 384 2221 ante
397 2151 701 2219 foecundationem
714 2174 860 2240 parvum
875 2154 934 2238 est,
955 2154 1041 2224 dein
1049 2182 1170 2243 exem·

137 2266 141 2273 ·
170 2242 234 2310 scit
248 2245 285 2307 in
303 2260 472 2327 magnum.
756 2278 762 2298 ι
796 2285 799 2293 .
914 2254 924 2291 s
997 2310 1002 2321 ,

167 2327 275 2415 Musa
297 2320 489 2411 fingularis‚
513 2321 607 2405 cujus
630 2321 785 2407 germina
809 2336 891 2386 ante
913 2320 1169 2399 florescentium

169 2443 173 2449 ·
212 2412 369 2489 maxima,
393 2428 466 2470 non
479 2403 691 2471 foecundata
705 2404 840 2492 saepius
855 2406 1091 2483 maturescunt
1104 2411 1168 2479 ste·

212 2493 301 2571 tilia,
318 2492 472 2582 quamvis
485 2487 576 2554 mole
591 2505 790 2576 augeantur.
812 2488 995 2593 [Medicus
1012 2492 1057 2557 de
1068 2494 1167 2561 Mula

211 2581 250 2643 in
263 2578 371 2642 Beitr.
386 2596 446 2640 zur
459 2571 582 2640 Cultur
596 2571 788 2641 exotiicher
803 2571 1001 2643 (Jew'achle.
1018 2576 1165 2648 Mannh.

211 2662 304 2739 1806.
321 2683 356 2749 p.
373 2660 456 2745 iao]

125 2840 194 2932 98.
228 2817 540 2903 DIFFERENS
567 2769 782 2911 structura
807 2812 896 2927 (92)
924 2820 1163 2903 Fructifica.

153 2916 159 2940 ’
180 2946 309 3022 tionis
330 2935 380 3015 ab
403 2933 672 3043 inpartibus,
703 2942 872 3041 quaein
891 2934 1058 3017 diversis
1077 2936 1163 3019 sae·

175 3087 231 3167 pe
251 3052 446 3134 differant
465 3051 633 3159 planitie,
668 3048 906 3141 desumitur.

163 3184 265 3249 Haec
280 3178 553 3259 Fundamentum
572 3174 949 3267 Generumeorumque
969 3176 1160 3249 Charaeta·

1055 3274 1068 3299 ἦ
1079 3268 1083 3273 .

207 3290 282 3331 rum
298 3267 375 3330 erit.

161 3352 242 3439 Quo
261 3347 376 3416 claffis
396 3347 501 3432 magis
520 3340 703 3425 naturalis,
726 3366 770 3410 eo
786 3347 897 3411 minus
914 3344 1096 3413 manifeste
1113 3346 1160 3417 est

273 3456 291 3497 c
305 3432 482 3498 structura.

33 3552 38 3559 ·
159 3436 349 3609 Sillgdlaris
366 3518 478 3584 omnis
494 3512 661 3579 structura
677 3509 724 3578 est
739 3509 916 3595 differens,
937 3511 998 3580 sed
1014 3537 1093 3583 non
1106 3520 1159 3589 vi·

203 3629 243 3672 ce
260 3602 367 3673 versa.

116 3766 183 3861 99.
214 3751 402 3833 CALYX
418 3741 558 3827 differt
574 3740 670 3848 (89)
688 3740 882 3849 quaeda)
899 3744 1154 3847 Numerum,

172 3864 548 3981 Compofitionem,
573 3862 729 3960 Partes,
758 3858 965 3990 Laciniae
1019 3856 1071 3972 β)
1089 3864 1157 3942 Fi.

984 4001 1153 4081 guium,
